<?xml version="1.0" encoding="UTF-8"?><collection><record><leader>05910ntm a2200565 a 4500</leader><controlfield tag="001">006822783</controlfield><controlfield tag="003">MiAaHDL</controlfield><controlfield tag="005">20190719000000.0</controlfield><controlfield tag="006">m        d        </controlfield><controlfield tag="007">cr bn ---auaua</controlfield><controlfield tag="008">090624s17uu    xx            00| ||ota d</controlfield><datafield tag="035" ind1=" " ind2=" "><subfield code="a">(MiU)006822783</subfield></datafield><datafield tag="035" ind1=" " ind2=" "><subfield code="a">sdr-miu006822783</subfield></datafield><datafield tag="040" ind1=" " ind2=" "><subfield code="a">MiU</subfield><subfield code="c">MiU</subfield><subfield code="e">amremm</subfield></datafield><datafield tag="041" ind1="0" ind2=" "><subfield code="a">ota</subfield></datafield><datafield tag="043" ind1=" " ind2=" "><subfield code="a">n-us-mi</subfield></datafield><datafield tag="100" ind1="1" ind2=" "><subfield code="6">880-01</subfield><subfield code="a">Rāghib, Muḥammad,</subfield><subfield code="d">1698 or 1699-1762 or 1763.</subfield></datafield><datafield tag="245" ind1="1" ind2="0"><subfield code="6">880-03</subfield><subfield code="a">Divan-ı Ragıp Paşa,</subfield><subfield code="f">[late 18th century?].</subfield></datafield><datafield tag="246" ind1="3" ind2="8"><subfield code="a">آثار راغب پاشا</subfield></datafield><datafield tag="260" ind1=" " ind2=" "><subfield code="c">[17--?].</subfield></datafield><datafield tag="300" ind1=" " ind2=" "><subfield code="a">129 leaves :</subfield><subfield code="b">paper ;</subfield><subfield code="c">204 x 125 (159 x 74) mm. bound to 209 x 130 mm.</subfield></datafield><datafield tag="500" ind1=" " ind2=" "><subfield code="a">Shelfmark: Ann Arbor, University of Michigan, Special Collections Library, Isl. Ms. 422</subfield></datafield><datafield tag="500" ind1=" " ind2=" "><subfield code="a">Origin: Lacks dated colophon ; paper, decoration, etc. suggest latter 18th century.</subfield></datafield><datafield tag="500" ind1=" " ind2=" "><subfield code="a">Former shelfmark: "479 T. De M. [i.e. Tammaro De Marinis]" inscribed in pencil on verso of front flyleaf.</subfield></datafield><datafield tag="500" ind1=" " ind2=" "><subfield code="a">Binding: Pasteboards covered in brown leather ; Western style binding ; pastedowns and flyleaves in shell marbled paper (mainly in red and blue) ; upper and lower covers carry gold-stamped scrollwork designs with central lozenge, corner motifs and vegetal border, gold-stamped designs continue on spine ; now sewn in white thread over two recessed cords, four stations ; stuck-on endbands in green ; register in sheer silk ribbon ; edges of text block gold-flecked ; overall in fair condition with damage to upper board corner, minor abrasion, some negative draw in covers, etc.</subfield></datafield><datafield tag="500" ind1=" " ind2=" "><subfield code="a">Support: European laid paper with 11 laid lines per cm. (vertical), chain lines spaced 18-21 mm. apart (horizontal), and watermark of scrollwork with three stylized hats in shield and "F C" below (see fol.5, 6, 15, 16, etc.), sturdy and quite well-burnished to glossy, alternating bifolia tinted yellow.</subfield></datafield><datafield tag="500" ind1=" " ind2=" "><subfield code="a">Decoration: Elegant illuminated headpiece (ʻunwān / sarlawḥ) at opening of "منشآت" on fol.1b, consisting of scalloped w-shaped piece filled with swirling floral vegetal decoration in light green, pink, light blue, white, red, and gold on grounds of gold and dark blue, bordered in white, black, gold, red and blue bands, surmounted by vertical stalks (tīgh) in blue and red and set in a well of pink with red accents ; other fine illuminated headpieces at opening of "صلحيه نمچه" on fol.49b, opening of "تقريضات" on fol.69b, opening of "قصائد" on fol.71b, opening of "تخميسات" on fol.79b, and opening of ghazals on fol.84b ; written area surrounded by gold frame, with divisions within defined by narrow gold bands outlined in black fillets ; keywords rubricated ; overlining in red ; textual dividers in the form of gold discs.</subfield></datafield><datafield tag="500" ind1=" " ind2=" "><subfield code="a">Script: Nastaʻlīq (talik) ; fine, compact hand in a heavy line ; serifless, with effect of words descending to baseline, closed counters, and elongated horizontal strokes.</subfield></datafield><datafield tag="500" ind1=" " ind2=" "><subfield code="a">Layout: Written in 15 lines per page, with written area mainly divided to two columns ; frame-ruled.</subfield></datafield><datafield tag="500" ind1=" " ind2=" "><subfield code="a">Collation: i, 12 V(120), V-1 (129), i ; exclusively quinions ; catchwords present.</subfield></datafield><datafield tag="500" ind1=" " ind2=" "><subfield code="a">Incipit: "حركت كردن از شتائيه بطرف صيفيه وبعد ازين نقل كردن بجنات محبوبيه جناب برارنده نه طباق افلاك جل ذاته عن درك الادراك ..."</subfield></datafield><datafield tag="500" ind1=" " ind2=" "><subfield code="a">Title from inscription on 'title page'.</subfield></datafield><datafield tag="500" ind1=" " ind2=" "><subfield code="a">Ms. codex.</subfield></datafield><datafield tag="510" ind1="4" ind2=" "><subfield code="a">Kaya, Nevzat. "Rāgıb Meḥmed Paşa and his library." In Theoretical approaches to the transmission and edition of Oriental manuscripts. Proceedings of a symposium held in Istanbul, March 28-30, 2001, Eds. Judith Pfeiffer and Manfred Kropp. (Beirut: Ergon verlag Würzburg in Kommission, 2007):</subfield><subfield code="c">185-193</subfield></datafield><datafield tag="510" ind1="4" ind2=" "><subfield code="a">Fihris al-makhṭūṭāt al-Turkīyah al-ʻUthmānīyah allatī iqtanatʹhā Dār al-Kutub al-Qawmīyah mundhu ʻām 1870 ḥattá nihāyat 1980,</subfield><subfield code="c">vol.2, p.67 ff. nos. 1770-1777</subfield></datafield><datafield tag="520" ind1="8" ind2=" "><subfield code="a">Elegant copy of the Dīvān (collected verse and prose) of the Ottoman Grand Vizier and littérateur, Koca Mehmet Ragıp Paşa (d.1763), opening with münşeat. Contribution to the cataloguing from Hossein Mottaghi.</subfield></datafield><datafield tag="538" ind1=" " ind2=" "><subfield code="a">Mode of access: Internet.</subfield></datafield><datafield tag="541" ind1=" " ind2=" "><subfield code="c">Purchase ;</subfield><subfield code="a">Acquired by purchase (funds donated by Horace Rackham).</subfield><subfield code="d">1924.</subfield></datafield><datafield tag="546" ind1=" " ind2=" "><subfield code="a">Ottoman Turkish.</subfield></datafield><datafield tag="561" ind1=" " ind2=" "><subfield code="a">Several former owners' marks on 'title page' (fol.1a) including ownership statement in name of Tahir Efendizade Mehmet Asım (طاهر افندى زاده محمد عاصم / Ṭāhir Afandīʻzādah Muḥammad ʻĀṣim) accompanied by his seal, ownership statement in name of Ali Fuat ( السيد على فؤاد / al-Sayyid ʻAlī Fuʼād ), ownership statement dated 1247 [1831 or 2] in name of Mehmet Naili ( السيد محمد نائلى / al-Sayyid Muḥammad Nāʼilī ), statement and oval seal impression in name of one Ahmet (احمد) ... [?], several borrowing statements (also on fol.69a) in name of one Süleyman Fehim (سليمان فهيم), etc. ; occasional glosses.</subfield></datafield><datafield tag="650" ind1=" " ind2="0"><subfield code="a">Manuscripts, Turkish</subfield><subfield code="z">Michigan</subfield><subfield code="z">Ann Arbor.</subfield></datafield><datafield tag="650" ind1=" " ind2="0"><subfield code="a">Turkish prose literature</subfield><subfield code="v">Early works to 1800.</subfield></datafield><datafield tag="650" ind1=" " ind2="0"><subfield code="a">Turkish poetry</subfield><subfield code="v">Early works to 1800.</subfield></datafield><datafield tag="655" ind1=" " ind2="7"><subfield code="a">Headpiece (layout features)</subfield><subfield code="y">18th century.</subfield><subfield code="2">aat</subfield></datafield><datafield tag="700" ind1="0" ind2=" "><subfield code="a">Abdülhamid</subfield><subfield code="b">II,</subfield><subfield code="c">Sultan of the Turks,</subfield><subfield code="d">1842-1918,</subfield><subfield code="e">former owner.</subfield></datafield><datafield tag="700" ind1="0" ind2=" "><subfield code="6">880-07</subfield><subfield code="a">Mehmet Nailî,</subfield><subfield code="d">fl. 1831,</subfield><subfield code="e">former owner.</subfield></datafield><datafield tag="773" ind1="0" ind2=" "><subfield code="a">Abdul Hamid Collection.</subfield></datafield><datafield tag="880" ind1="0" ind2=" "><subfield code="6">700-07/</subfield><subfield code="a">محمد نائلى,</subfield><subfield code="e">مالك سابق.</subfield></datafield><datafield tag="880" ind1="1" ind2="0"><subfield code="6">245-03/</subfield><subfield code="a">ديوان راغب پاشا,</subfield><subfield code="f">[اواخر القرن 18م؟].</subfield></datafield><datafield tag="880" ind1="1" ind2=" "><subfield code="6">100-01/</subfield><subfield code="a">راغب قوجه محمد باشا ابن محمد شوقى افندى.</subfield></datafield><datafield tag="CID" ind1=" " ind2=" "><subfield code="a">006822783</subfield></datafield><datafield tag="DAT" ind1="0" ind2=" "><subfield code="a">20190719102640.0</subfield><subfield code="b">20190719000000.0</subfield></datafield><datafield tag="DAT" ind1="1" ind2=" "><subfield code="a">20190719090653.0</subfield><subfield code="b">2019-07-19T16:12:11Z</subfield></datafield><datafield tag="DAT" ind1="2" ind2=" "><subfield code="a">2015-10-02T18:00:03Z</subfield></datafield><datafield tag="CAT" ind1=" " ind2=" "><subfield code="a">SDR-MIU</subfield><subfield code="d">EX LIBRIS - ALEPH</subfield><subfield code="l">prepare.pl-004-008</subfield></datafield><datafield tag="FMT" ind1=" " ind2=" "><subfield code="a">BK</subfield></datafield><datafield tag="HOL" ind1=" " ind2=" "><subfield code="0">sdr-miu006822783</subfield><subfield code="a">MiU</subfield><subfield code="b">SDR</subfield><subfield code="c">MIU</subfield><subfield code="p">mdp.39015079130897</subfield><subfield code="s">MIU</subfield><subfield code="1">006822783</subfield></datafield><datafield tag="974" ind1=" " ind2=" "><subfield code="b">MIU</subfield><subfield code="c">MIU</subfield><subfield code="d">20190719</subfield><subfield code="s">lit-dlps-dc</subfield><subfield code="u">mdp.39015079130897</subfield><subfield code="y">1799</subfield><subfield code="r">pd</subfield><subfield code="q">bib</subfield><subfield code="t">non-US bib date1 &lt; 1879</subfield></datafield></record></collection>